@unpublished{quan-ly-dinh-danh-phi-tap-trung,
  author = {Nguyễn Đình Thúc},
  title  = {Quản Lý Định Danh Phi Tập Trung},
  note   = {Tài liệu nội bộ được cung cấp bởi giảng viên hướng dẫn},
}

@article{a-survey-of-trust-in-internet-applications,
  author  = {Grandison, Tyrone and Sloman, Morris},
  year    = {2000},
  month   = {01},
  pages   = {2-16},
  title   = {A Survey of Trust in Internet Applications},
  volume  = {3},
  journal = {IEEE Communications Surveys and Tutorials},
  doi     = {10.1109/COMST.2000.5340804}
}

@book{thong-ke-may-tinh,
  title     = {Thống kê máy tính},
  author    = {Nguyễn Đình Thúc and Đặng Hải Vân and Lê Phong},
  year      = {2010},
  publisher = {Nhà xuất bản Khoa học và kỹ thuật},
  keywords  = {Sách chuyên ngành}
}

@misc{reputation-toolkit,
  author       = {Christopher Allen and Tim Daubenschütz and Manu Sporny and Noah Thorp and Harlan Wood and Glenn Willen and and Alessandro Voto},
  title        = {Portable Reputation Toolkit Use Cases},
  year         = {2017},
  howpublished = {GitHub Repository},
  note         = {A White Paper from Rebooting the Web of Trust III Design Workshop},
  url          = {https://github.com/WebOfTrustInfo/rwot3-sf/blob/master/final-documents/reputation-toolkit.pdf}
}

@misc{reputation-design,
  author       = {Angus Champion de Crespigny and Dmitry Khovratovich and Florent Blondeau and Klara Sok and Philippe Honigman and Nikolaos Alexopoulos and Fabien Petitcolas and and Shaun Conway},
  title        = {Design Considerations for Decentralized Reputation Systems},
  year         = {2017},
  howpublished = {GitHub Repository},
  note         = {A White Paper from the Rebooting the Web of Trust IV Design Workshop},
  url          = {https://github.com/WebOfTrustInfo/rwot4-paris/blob/master/final-documents/reputation-design.pdf}
}

@misc{reputation-interpretation,
  author       = {Arthur Brock and Kaliya Hamlin and Grace (Rebecca) Rachmany and and Jakub Lanc},
  title        = {Reputation Interpretation},
  year         = {2019},
  howpublished = {GitHub Repository},
  note         = {A white paper from Rebooting the Web of Trust IX},
  url          = {https://github.com/WebOfTrustInfo/rwot9-prague/blob/master/final-documents/reputation-interpretation.pdf}
}

@misc{ERC20,
  author = {{Ethereum Foundation}},
  title  = {{ERC-20 Token Standard}},
  year   = {2025},
  note   = {Available at: \url{https://ethereum.org/en/developers/docs/standards/tokens/erc-20/}}
}